<record><leader>00000cas a22000007a 4500</leader><controlfield tag="001">16582079</controlfield><controlfield tag="008">870828d19711979nyuwr ne      0    0eng d</controlfield><datafield ind1=" " ind2=" " tag="010"><subfield code="a">sn 87070144 </subfield></datafield><datafield ind1=" " ind2=" " tag="040"><subfield code="a">NYS</subfield><subfield code="b">eng</subfield><subfield code="c">NYS</subfield><subfield code="d">OCLCQ</subfield></datafield><datafield ind1=" " ind2=" " tag="042"><subfield code="a">msc</subfield></datafield><datafield ind1="0" ind2="4" tag="245"><subfield code="a">The Rotterdam reporter.</subfield></datafield><datafield ind1="1" ind2="3" tag="246"><subfield code="a">Reporter</subfield></datafield><datafield ind1=" " ind2=" " tag="260"><subfield code="a">Schenectady, N.Y :</subfield><subfield code="b">V.O.D. Communications,</subfield><subfield code="c">1971-</subfield></datafield><datafield ind1=" " ind2=" " tag="300"><subfield code="a">v.</subfield></datafield><datafield ind1=" " ind2=" " tag="310"><subfield code="a">Weekly</subfield></datafield><datafield ind1="0" ind2=" " tag="362"><subfield code="a">Vol. 1, no. 1 (June 18, 1971)-</subfield></datafield><datafield ind1="1" ind2=" " tag="362"><subfield code="a">Ceased in 1979?</subfield></datafield><datafield ind1=" " ind2=" " tag="500"><subfield code="a">Published as: The Reporter, Jan. 3, 1973-Feb. 2, 1979.</subfield></datafield><datafield ind1=" " ind2=" " tag="500"><subfield code="a">Published irregularly, June 18-Sept. 1971.</subfield></datafield><datafield ind1=" " ind2="4" tag="651"><subfield code="a">Schenectady (N.Y.)</subfield><subfield code="v">Newspapers.</subfield></datafield><datafield ind1=" " ind2="4" tag="651"><subfield code="a">Rotterdam (N.Y.)</subfield><subfield code="v">Newspapers.</subfield></datafield><datafield ind1=" " ind2=" " tag="752"><subfield code="a">United States</subfield><subfield code="b">New York</subfield><subfield code="c">Schenectady</subfield><subfield code="d">Schenectady.</subfield></datafield><datafield ind1=" " ind2=" " tag="752"><subfield code="a">United States</subfield><subfield code="b">New York</subfield><subfield code="c">Schenectady</subfield><subfield code="d">Rotterdam.</subfield></datafield><datafield ind1="1" ind2=" " tag="029"><subfield code="a">AU@</subfield><subfield code="b">000025795037</subfield></datafield></record>